<?xml version="1.0" encoding="UTF-8"?><collection xmlns="http://www.loc.gov/MARC21/slim"><record><leader>00394nam--2200133-i-4500</leader><controlfield tag="001">000048737</controlfield><controlfield tag="002">20161230</controlfield><controlfield tag="005">20170116003918</controlfield><controlfield tag="008">060222s1000------------r-----000-0-eng-d</controlfield><datafield ind1=" " ind2=" " tag="245"><subfield code="a">Radiation, genetics and vital statistics. A pilot study in demographic genetics</subfield></datafield><datafield ind1=" " ind2=" " tag="260"><subfield code="a">Chalk River</subfield><subfield code="b">Atomic Energy Of Canada Lim</subfield><subfield code="c">1958</subfield></datafield><datafield ind1=" " ind2=" " tag="300"><subfield code="a">5 p.+1 Tab</subfield></datafield><datafield ind1=" " ind2=" " tag="852"><subfield code="a">5577</subfield></datafield><datafield ind1=" " ind2=" " tag="CAT"><subfield code="a">SYS</subfield><subfield code="c">20170116</subfield><subfield code="h">003918</subfield></datafield></record></collection>